@article{mainArticle,
  title={Prediction of membrane transport proteins and their substrate specificities using primary sequence information},
  author={Mishra, Nitish K and Chang, Junil and Zhao, Patrick X},
  journal={PLoS One},
  volume={9},
  number={6},
  pages={e100278},
  year={2014},
  publisher={Public Library of Science}
}